<record><leader>00000cas a22000007a 4500</leader><controlfield tag="001">44428844</controlfield><controlfield tag="008">000619c199u9999flumr ne      0   b0spa c</controlfield><datafield ind1=" " ind2=" " tag="010"><subfield code="a">   00215409 </subfield></datafield><datafield ind1=" " ind2=" " tag="040"><subfield code="a">NSD</subfield><subfield code="b">eng</subfield><subfield code="c">NSD</subfield><subfield code="d">OCLCQ</subfield></datafield><datafield ind1=" " ind2=" " tag="012"><subfield code="l">1</subfield></datafield><datafield ind1="1" ind2=" " tag="022"><subfield code="a">1530-6615</subfield><subfield code="l">1530-6615</subfield><subfield code="2">1</subfield></datafield><datafield ind1=" " ind2=" " tag="037"><subfield code="b">Que&#769; Pasa, Miami!, 1393 SW 1st St., Ste. 430, Miami, FL 33135-2321</subfield></datafield><datafield ind1=" " ind2=" " tag="042"><subfield code="a">nsdp</subfield><subfield code="a">pcc</subfield></datafield><datafield ind1=" " ind2="0" tag="222"><subfield code="a">Que&#769; pasa, Miami!</subfield></datafield><datafield ind1="0" ind2="0" tag="245"><subfield code="a">Que&#769; pasa, Miami!.</subfield></datafield><datafield ind1=" " ind2=" " tag="260"><subfield code="a">Miami, FL :</subfield><subfield code="b">Jose&#769; Alfonso</subfield></datafield><datafield ind1=" " ind2=" " tag="300"><subfield code="a">v.</subfield></datafield><datafield ind1=" " ind2=" " tag="310"><subfield code="a">Monthly</subfield></datafield><datafield ind1=" " ind2=" " tag="588"><subfield code="a">Description based on: An&#771;o 1, no. 10 (dic. de 1997).</subfield></datafield><datafield ind1=" " ind2=" " tag="752"><subfield code="a">United States</subfield><subfield code="b">Florida</subfield><subfield code="c">Dade</subfield><subfield code="d">Miami-Dade.</subfield></datafield><datafield ind1="1" ind2=" " tag="029"><subfield code="a">AU@</subfield><subfield code="b">000021631463</subfield></datafield></record>